@book{fourier-textbook,
	title={Fourier analysis: an introduction},
	author={Stein, Elias M and Shakarchi, Rami},
	volume={1},
	year={2011},
	publisher={Princeton University Press}
}

@article{discrete-gaussian,
	title={The discrete gaussian for differential privacy},
	author={Canonne, Cl{\'e}ment L and Kamath, Gautam and Steinke, Thomas},
	journal={Advances in Neural Information Processing Systems},
	volume={33},
	pages={15676--15688},
	year={2020}
}

@article{subgaussian,
	title={Subgaussian random variables: An expository note},
	author={Rivasplata, Omar},
	journal={Internet publication, PDF},
	volume={5},
	year={2012}
}
