@inproceedings{mw17,
  title={Gaussian sampling over the integers: Efficient, generic, constant-time},
  author={Micciancio, Daniele and Walter, Michael},
  booktitle={Advances in Cryptology--CRYPTO 2017: 37th Annual International Cryptology Conference, Santa Barbara, CA, USA, August 20--24, 2017, Proceedings, Part II 37},
  pages={455--485},
  year={2017},
  organization={Springer}
}

@inproceedings{kl-queries,
  title={Enhanced lattice-based signatures on reconfigurable hardware},
  author={P{\"o}ppelmann, Thomas and Ducas, L{\'e}o and G{\"u}neysu, Tim},
  booktitle={Cryptographic Hardware and Embedded Systems--CHES 2014: 16th International Workshop, Busan, South Korea, September 23-26, 2014. Proceedings 16},
  pages={353--370},
  year={2014},
  organization={Springer}
}